@article{p1,
  title={Blockchain system in the higher education},
  author={Raimundo, Ricardo and Ros{\'a}rio, Alb{\'e}rico},
  journal={European Journal of Investigation in Health, Psychology and Education},
  volume={11},
  number={1},
  pages={276--293},
  year={2021},
  publisher={MDPI}
}

@article{p2,
  title={Challenges of using blockchain in the education sector: A literature review},
  author={Mohammad, Abdulghafour and Vargas, Sergio},
  journal={Applied Sciences},
  volume={12},
  number={13},
  pages={6380},
  year={2022},
  publisher={MDPI}
}

@article{p3,
  title={Unlocking the power of blockchain in education: An overview of innovations and outcomes},
  author={El Koshiry, Amr and Eliwa, Entesar and Abd El-Hafeez, Tarek and Shams, Mahmoud Y},
  journal={Blockchain: Research and Applications},
  pages={100165},
  year={2023},
  publisher={Elsevier}
}

@article{p4,
author = {Sunita Dwivedi and Shinu Vig},
title = {Blockchain adoption in higher-education institutions in India: Identifying the main challenges},
journal = {Cogent Education},
volume = {11},
number = {1},
pages = {2292887},
year = {2024},
publisher = {Cogent OA},
doi = {10.1080/2331186X.2023.2292887},


URL = { 
    
        https://doi.org/10.1080/2331186X.2023.2292887
    
    

},
eprint = { 
    
        https://doi.org/10.1080/2331186X.2023.2292887
    
    

}

}

@inproceedings{p5,
  title={Barriers affecting higher education institutionsâ€™ adoption of blockchain technology: A qualitative study},
  author={Mohammad, Abdulghafour and Vargas, Sergio},
  booktitle={Informatics},
  volume={9},
  number={3},
  pages={64},
  year={2022},
  organization={MDPI}
}

@article{p6,
  title={The potential blockchain technology in higher education learning innovations in era 4.0},
  author={Edastama, Primasatria and Purnama, Suryari and Widayanti, Riya and Meria, Lista and Rivelino, Deva},
  journal={Blockchain Frontier Technology},
  volume={1},
  number={01},
  pages={104--113},
  year={2021}
}